@article{kingsford,
  title={Assembly complexity of prokaryotic genomes using short reads},
  author={Kingsford, Carl and Schatz, Michael C and Pop, Mihai},
  journal={BMC bioinformatics},
  volume={11},
  number={1},
  pages={21},
  year={2010},
  publisher={BioMed Central Ltd}
}

@article{bambus,
  title={Bambus 2: scaffolding metagenomes},
  author={Koren, Sergey and Treangen, Todd J and Pop, Mihai},
  journal={Bioinformatics},
  volume={27},
  number={21},
  pages={2964--2971},
  year={2011},
  publisher={Oxford Univ Press}
}

@article{brandes,
  title={A faster algorithm for betweenness centrality*},
  author={Brandes, Ulrik},
  journal={Journal of Mathematical Sociology},
  volume={25},
  number={2},
  pages={163--177},
  year={2001},
  publisher={Taylor \& Francis}
}

@inproceedings{bader,
  title={A faster parallel algorithm and efficient multithreaded implementations for evaluating betweenness centrality on massive datasets},
  author={Madduri, Kamesh and Ediger, David and Jiang, Karl and Bader, David A and Chavarria-Miranda, Daniel},
  booktitle={Parallel \& Distributed Processing, 2009. IPDPS 2009. IEEE International Symposium on},
  pages={1--8},
  year={2009},
  organization={IEEE}
}

@incollection{bp,
  title={Approximating betweenness centrality},
  author={Bader, David A and Kintali, Shiva and Madduri, Kamesh and Mihail, Milena},
  booktitle={Algorithms and Models for the Web-Graph},
  pages={124--137},
  year={2007},
  publisher={Springer}
}

@inproceedings{sanders,
  title={Better Approximation of Betweenness Centrality.},
  author={Geisberger, Robert and Sanders, Peter and Schultes, Dominik},
  booktitle={ALENEX},
  pages={90--100},
  year={2008},
  organization={SIAM}
}

@inproceedings{matteo,
  title={Fast approximation of betweenness centrality through sampling},
  author={Riondato, Matteo and Kornaropoulos, Evgenios M},
  booktitle={Proceedings of the 7th ACM international conference on Web search and data mining},
  pages={413--422},
  year={2014},
  organization={ACM}
}

@article{vc,
  title={On the uniform convergence of relative frequencies of events to their probabilities},
  author={Vapnik, Vladimir N and Chervonenkis, A Ya},
  journal={Theory of Probability \& Its Applications},
  volume={16},
  number={2},
  pages={264--280},
  year={1971},
  publisher={SIAM}
}

@article{debruijn,
  title={Introduction to metamathematics},
  author={Kleene, Stephen Cole and de Bruijn, NG and de Groot, J and Zaanen, Adriaan Cornelis},
  year={1952},
  publisher={van Nostrand New York}
}

@article{networkit,
  title={Networkit: An interactive tool suite for high-performance network analysis},
  author={Staudt, Christian L and Sazonovs, Aleksejs and Meyerhenke, Henning},
  journal={arXiv preprint arXiv:1403.3005},
  year={2014}
}

@article{johnson,
  title={Efficient algorithms for shortest paths in sparse networks},
  author={Johnson, Donald B},
  journal={Journal of the ACM (JACM)},
  volume={24},
  number={1},
  pages={1--13},
  year={1977},
  publisher={ACM}
}
